@article {mehrspurig,
	author		= {Brilon, Werner and Wu, Ning},
	title		= {{Kalibrierung von Zellular-Automaten für die Simulation des Verkehrsflusses}},
	journal		= {Straßenverkehrstechnik},
	year		= {6/2000},
}
